Details,Posting Date,Description,Amount,Type,Balance,Check or Slip #
DEBIT,03/23/2018,"ONLINE TRANSFER TO  MMA ...6356 TRANSACTION#: 6985914409 03/23",-231.00,ACCT_XFER, ,,
DEBIT,03/23/2018,"ONLINE TRANSFER TO  CHK ...4717 TRANSACTION#: 6985914407 03/23",-703.00,ACCT_XFER, ,,
DEBIT,03/16/2018,"Online Transfer to  CHK ...4717 transaction#: 6966986617 03/16",-703.00,ACCT_XFER,4304.06,,
DEBIT,03/16/2018,"Online Transfer to  MMA ...6356 transaction#: 6966986616 03/16",-231.00,ACCT_XFER,5007.06,,
CREDIT,03/15/2018,"INTEREST PAYMENT",0.03,MISC_CREDIT,5238.06,,
CREDIT,03/15/2018,"KRANZE TECHNOLOG QUICKBOOKS                 PPD ID: 1722616653",2661.03,ACH_CREDIT,5238.03,,
DSLIP,03/13/2018,"REMOTE ONLINE DEPOSIT #          1",151.35,CHECK_DEPOSIT,2577.00,1,
DSLIP,03/13/2018,"REMOTE ONLINE DEPOSIT #          1",917.90,CHECK_DEPOSIT,2425.65,1,
DEBIT,03/12/2018,"NON-CHASE ATM WITHDRAW               042359  03/10900 OLIVE",-203.00,ATM,1507.75,,
CHECK,03/09/2018,"CHECK 1323  ",-124.69,CHECK_PAID,1710.75,1323,
DEBIT,03/09/2018,"Online Transfer to  CHK ...4717 transaction#: 6947583708 03/09",-703.00,ACCT_XFER,1835.44,,
DEBIT,03/09/2018,"Online Transfer to  MMA ...6356 transaction#: 6947583707 03/09",-231.00,ACCT_XFER,2538.44,,
CHECK,03/08/2018,"CHECK 1322  ",-78.67,CHECK_PAID,2769.44,1322,
DEBIT,03/05/2018,"Payment to Chase card ending in 0545 03/05",-5554.91,ACCT_XFER,2848.11,,
CREDIT,03/05/2018,"Online Transfer from MMA ...6356 transaction#: 6956008820",3000.00,ACCT_XFER,8403.02,,
DEBIT,03/02/2018,"Online Transfer to  MMA ...6356 transaction#: 6925862593 03/02",-231.00,ACCT_XFER,5403.02,,
DEBIT,03/02/2018,"Online Transfer to  CHK ...4717 transaction#: 6925862592 03/02",-703.00,ACCT_XFER,5634.02,,
CHECK,03/01/2018,"CHECK 1318  ",-85.40,CHECK_PAID,6337.02,1318,
CREDIT,02/28/2018,"KRANZE TECHNOLOG QUICKBOOKS                 PPD ID: 1722616653",3241.90,ACH_CREDIT,6422.42,,
CHECK,02/27/2018,"CHECK 1319  ",-14.42,CHECK_PAID,3180.52,1319,
CHECK,02/27/2018,"CHECK 1321  ",-63.60,CHECK_PAID,3194.94,1321,
CHECK,02/26/2018,"CHECK 1320  ",-72.76,CHECK_PAID,3258.54,1320,
DEBIT,02/23/2018,"Online Transfer to  CHK ...4717 transaction#: 6908527913 02/23",-703.00,ACCT_XFER,3331.30,,
DEBIT,02/23/2018,"Online Transfer to  MMA ...6356 transaction#: 6908527911 02/23",-231.00,ACCT_XFER,4034.30,,
DSLIP,02/21/2018,"REMOTE ONLINE DEPOSIT #          1",80.00,CHECK_DEPOSIT,4265.30,1,
DEBIT,02/16/2018,"Online Transfer to  MMA ...6356 transaction#: 6890140942 02/16",-231.00,ACCT_XFER,4185.30,,
DEBIT,02/16/2018,"Online Transfer to  CHK ...4717 transaction#: 6890140935 02/16",-703.00,ACCT_XFER,4416.30,,
CREDIT,02/15/2018,"INTEREST PAYMENT",0.02,MISC_CREDIT,5119.30,,
CREDIT,02/15/2018,"KRANZE TECHNOLOG QUICKBOOKS                 PPD ID: 1722616653",3541.84,ACH_CREDIT,5119.28,,
CHECK,02/13/2018,"CHECK 1317  ",-110.00,CHECK_PAID,1577.44,1317,
DSLIP,02/13/2018,"REMOTE ONLINE DEPOSIT #          1",328.32,CHECK_DEPOSIT,1687.44,1,
DSLIP,02/13/2018,"REMOTE ONLINE DEPOSIT #          1",1110.16,CHECK_DEPOSIT,1359.12,1,
DEBIT,02/12/2018,"NON-CHASE ATM WITHDRAW               952725  02/101501 EAST",-83.25,ATM,248.96,,
DEBIT,02/09/2018,"Online Transfer to  CHK ...4717 transaction#: 6871394125 02/09",-703.00,ACCT_XFER,332.21,,
DEBIT,02/09/2018,"Online Transfer to  MMA ...6356 transaction#: 6871394128 02/09",-231.00,ACCT_XFER,1035.21,,
CHECK,02/07/2018,"CHECK 1315  ",-12.09,CHECK_PAID,1266.21,1315,
DEBIT,02/05/2018,"ATM WITHDRAWAL                       004242  02/041350 E AL",-80.00,ATM,1278.30,,
DEBIT,02/05/2018,"Payment to Chase card ending in 0545 02/05",-6749.51,ACCT_XFER,1358.30,,
CREDIT,02/05/2018,"Online Transfer from MMA ...6356 transaction#: 6874765351",5000.00,ACCT_XFER,8107.81,,
CHECK,02/02/2018,"CHECK 1314  ",-354.91,CHECK_PAID,3107.81,1314,
DEBIT,02/02/2018,"Online Transfer to  CHK ...4717 transaction#: 6851473821 02/02",-703.00,ACCT_XFER,3462.72,,
DEBIT,02/02/2018,"Online Transfer to  MMA ...6356 transaction#: 6851473818 02/02",-231.00,ACCT_XFER,4165.72,,
CREDIT,01/31/2018,"KRANZE TECHNOLOG QUICKBOOKS                 PPD ID: 1722616653",3170.40,ACH_CREDIT,4396.72,,
CHECK,01/26/2018,"CHECK 1312  ",-100.40,CHECK_PAID,1226.32,1312,
CHECK,01/26/2018,"CHECK 1311  01/26",-15.00,CHECK_PAID,1326.72,1311,
DEBIT,01/26/2018,"Online Transfer to  CHK ...4717 transaction#: 6834937013 01/26",-703.00,ACCT_XFER,1341.72,,
DEBIT,01/26/2018,"Online Transfer to  MMA ...6356 transaction#: 6834937011 01/26",-231.00,ACCT_XFER,2044.72,,
CHECK,01/22/2018,"CHECK 1313  ",-334.00,CHECK_PAID,2275.72,1313,
CREDIT,01/22/2018,"ATM CHECK DEPOSIT 01/21 1000 S RANDALL RD ALGONQUIN IL",100.00,ATM_DEPOSIT,2609.72,,
CREDIT,01/22/2018,"ATM CASH DEPOSIT 01/21 1000 S RANDALL RD ALGONQUIN IL",160.00,ATM,2509.72,,
DEBIT,01/19/2018,"Online Transfer to  CHK ...4717 transaction#: 6817904089 01/19",-703.00,ACCT_XFER,2349.72,,
DEBIT,01/19/2018,"Online Transfer to  MMA ...6356 transaction#: 6817904088 01/19",-231.00,ACCT_XFER,3052.72,,
CREDIT,01/17/2018,"INTEREST PAYMENT",0.04,MISC_CREDIT,3283.72,,
DEBIT,01/12/2018,"Online Transfer to  MMA ...6356 transaction#: 6800531702 01/12",-231.00,ACCT_XFER,3283.68,,
DEBIT,01/12/2018,"Online Transfer to  CHK ...4717 transaction#: 6800531700 01/12",-703.00,ACCT_XFER,3514.68,,
CREDIT,01/12/2018,"KRANZE TECHNOLOG QUICKBOOKS                 PPD ID: 1722616653",2851.47,ACH_CREDIT,4217.68,,
DEBIT,01/05/2018,"Online Transfer to  MMA ...6356 transaction#: 6781133840 01/05",-231.00,ACCT_XFER,1366.21,,
DEBIT,01/05/2018,"Online Transfer to  CHK ...4717 transaction#: 6781133837 01/05",-703.00,ACCT_XFER,1597.21,,
DEBIT,01/04/2018,"Payment to Chase card ending in 0545 01/04",-5538.03,ACCT_XFER,2300.21,,
DSLIP,01/02/2018,"REMOTE ONLINE DEPOSIT #          1",300.00,CHECK_DEPOSIT,7838.24,1,
DEBIT,12/29/2017,"Online Transfer to  MMA ...6356 transaction#: 6765483220 12/29",-231.00,ACCT_XFER,7538.24,,
DEBIT,12/29/2017,"Online Transfer to  CHK ...4717 transaction#: 6765483216 12/29",-703.00,ACCT_XFER,7769.24,,
CREDIT,12/29/2017,"KRANZE TECHNOLOG QUICKBOOKS                 PPD ID: 1722616653",3123.89,ACH_CREDIT,8472.24,,
DEBIT,12/26/2017,"NON-CHASE ATM WITHDRAW               127406  12/231301   E",-63.00,ATM,5348.35,,
DSLIP,12/26/2017,"REMOTE ONLINE DEPOSIT #          1",300.00,CHECK_DEPOSIT,5411.35,1,
DEBIT,12/22/2017,"Online Transfer to  MMA ...6356 transaction#: 6746334698 12/22",-231.00,ACCT_XFER,5111.35,,
DEBIT,12/22/2017,"Online Transfer to  CHK ...4717 transaction#: 6746334994 12/22",-703.00,ACCT_XFER,5342.35,,
CREDIT,12/21/2017,"KRANZE TECHNOLOG QUICKBOOKS                 PPD ID: 1722616653",3029.20,ACH_CREDIT,6045.35,,
CREDIT,12/15/2017,"INTEREST PAYMENT",0.04,MISC_CREDIT,3016.15,,
DEBIT,12/15/2017,"ATM WITHDRAWAL                       000681  12/151000 S RA",-80.00,ATM,3016.11,,
DEBIT,12/15/2017,"Online Transfer to  CHK ...4717 transaction#: 6729765700 12/15",-703.00,ACCT_XFER,3096.11,,
DEBIT,12/15/2017,"Online Transfer to  MMA ...6356 transaction#: 6729765699 12/15",-231.00,ACCT_XFER,3799.11,,
CREDIT,12/15/2017,"KRANZE TECHNOLOG QUICKBOOKS                 PPD ID: 1722616653",3395.32,ACH_CREDIT,4030.11,,
DSLIP,12/13/2017,"REMOTE ONLINE DEPOSIT #          1",222.44,CHECK_DEPOSIT,634.79,1,
DSLIP,12/13/2017,"REMOTE ONLINE DEPOSIT #          1",254.26,CHECK_DEPOSIT,412.35,1,
DEBIT,12/08/2017,"Online Transfer to  MMA ...6356 transaction#: 6709105361 12/08",-231.00,ACCT_XFER,158.09,,
DEBIT,12/04/2017,"Payment to Chase card ending in 0545 12/04",-7850.62,ACCT_XFER,389.09,,
DEBIT,12/04/2017,"QuickPay with Zelle payment to CLUTTER FREE BY CHRISSY 6715190730",-30.00,QUICKPAY_DEBIT,8239.71,,
DEBIT,12/01/2017,"Online Transfer to  CHK ...4717 transaction#: 6691801518 12/01",-703.00,ACCT_XFER,8269.71,,
DEBIT,12/01/2017,"Online Transfer to  MMA ...6356 transaction#: 6691801517 12/01",-231.00,ACCT_XFER,8972.71,,
CREDIT,11/30/2017,"KRANZE TECHNOLOG QUICKBOOKS                 PPD ID: 1722616653",3123.90,ACH_CREDIT,9203.71,,
CREDIT,11/30/2017,"ATM CASH DEPOSIT 11/30 1350 E ALGONQUIN RD ALGONQUIN IL",195.00,ATM,6079.81,,
DEBIT,11/24/2017,"Online Transfer to  CHK ...4717 transaction#: 6676008749 11/24",-703.00,ACCT_XFER,5884.81,,
DEBIT,11/24/2017,"Online Transfer to  MMA ...6356 transaction#: 6676008741 11/24",-231.00,ACCT_XFER,6587.81,,
DEBIT,11/17/2017,"Online Transfer to  MMA ...6356 transaction#: 6658514903 11/17",-231.00,ACCT_XFER,6818.81,,
DEBIT,11/17/2017,"Online Transfer to  CHK ...4717 transaction#: 6658514902 11/17",-703.00,ACCT_XFER,7049.81,,
CREDIT,11/15/2017,"INTEREST PAYMENT",0.02,MISC_CREDIT,7752.81,,
CREDIT,11/15/2017,"KRANZE TECHNOLOG QUICKBOOKS                 PPD ID: 1722616653",3403.86,ACH_CREDIT,7752.79,,
DSLIP,11/15/2017,"REMOTE ONLINE DEPOSIT #          1",33.00,CHECK_DEPOSIT,4348.93,1,
DSLIP,11/13/2017,"REMOTE ONLINE DEPOSIT #          1",10.00,CHECK_DEPOSIT,4315.93,1,
CHECK,11/10/2017,"CHECK 1310  ",-8.53,CHECK_PAID,4305.93,1310,
DEBIT,11/10/2017,"Online Transfer to  CHK ...4717 transaction#: 6641299051 11/10",-703.00,ACCT_XFER,4314.46,,
DEBIT,11/10/2017,"Online Transfer to  MMA ...6356 transaction#: 6641299049 11/10",-231.00,ACCT_XFER,5017.46,,
CREDIT,11/10/2017,"Online Transfer from MMA ...6356 transaction#: 6659204497",5000.00,ACCT_XFER,5248.46,,
CHECK,11/07/2017,"CHECK 1309  ",-53.00,CHECK_PAID,248.46,1309,
DEBIT,11/03/2017,"Online Transfer to  MMA ...6356 transaction#: 6621159506 11/03",-231.00,ACCT_XFER,301.46,,
DEBIT,11/01/2017,"Payment to Chase card ending in 0545 11/01",-4755.54,ACCT_XFER,532.46,,
CREDIT,10/31/2017,"KRANZE TECHNOLOG QUICKBOOKS                 PPD ID: 1722616653",2851.47,ACH_CREDIT,5288.00,,
CHECK,10/27/2017,"CHECK 1308  ",-42.58,CHECK_PAID,2436.53,1308,
DEBIT,10/27/2017,"Online Transfer to  CHK ...4717 transaction#: 6605507590 10/27",-703.00,ACCT_XFER,2479.11,,
DEBIT,10/27/2017,"Online Transfer to  MMA ...6356 transaction#: 6605507587 10/27",-231.00,ACCT_XFER,3182.11,,
CHECK,10/26/2017,"CHECK 1307  ",-27.86,CHECK_PAID,3413.11,1307,
DSLIP,10/23/2017,"REMOTE ONLINE DEPOSIT #          1",50.00,CHECK_DEPOSIT,3440.97,1,
DEBIT,10/20/2017,"Online Transfer to  CHK ...4717 transaction#: 6588677536 10/20",-703.00,ACCT_XFER,3390.97,,
DEBIT,10/20/2017,"Online Transfer to  MMA ...6356 transaction#: 6588677535 10/20",-231.00,ACCT_XFER,4093.97,,
CREDIT,10/17/2017,"INTEREST PAYMENT",0.04,MISC_CREDIT,4324.97,,
CHECK,10/17/2017,"CHECK 1305  ",-197.60,CHECK_PAID,4324.93,1305,
CHECK,10/16/2017,"CHECK 1306  ",-351.90,CHECK_PAID,4522.53,1306,
DEBIT,10/13/2017,"Online Transfer to  MMA ...6356 transaction#: 6572636311 10/13",-231.00,ACCT_XFER,4874.43,,
DEBIT,10/13/2017,"Online Transfer to  CHK ...4717 transaction#: 6572636316 10/13",-703.00,ACCT_XFER,5105.43,,
CREDIT,10/13/2017,"KRANZE TECHNOLOG QUICKBOOKS                 PPD ID: 1722616653",2771.74,ACH_CREDIT,5808.43,,
CHECK,10/12/2017,"CHECK 1304  ",-200.00,CHECK_PAID,3036.69,1304,
DEBIT,10/06/2017,"Online Transfer to  CHK ...4717 transaction#: 6552432693 10/06",-703.00,ACCT_XFER,3236.69,,
DEBIT,10/06/2017,"Online Transfer to  MMA ...6356 transaction#: 6552432682 10/06",-231.00,ACCT_XFER,3939.69,,
DEBIT,10/05/2017,"Payment to Chase card ending in 0545 10/05",-6646.55,ACCT_XFER,4170.69,,
CREDIT,10/04/2017,"Online Transfer from MMA ...6356 transaction#: 6568624475",5000.00,ACCT_XFER,10817.24,,
CHECK,10/02/2017,"CHECK 1490  ",-150.00,CHECK_PAID,5817.24,1490,
DEBIT,09/29/2017,"Online Transfer to  CHK ...4717 transaction#: 6535872789 09/29",-703.00,ACCT_XFER,5967.24,,
DEBIT,09/29/2017,"Online Transfer to  MMA ...6356 transaction#: 6535872788 09/29",-231.00,ACCT_XFER,6670.24,,
CREDIT,09/29/2017,"KRANZE TECHNOLOG QUICKBOOKS                 PPD ID: 1722616653",3009.70,ACH_CREDIT,6901.24,,
CHECK,09/22/2017,"CHECK 1303  ",-53.00,CHECK_PAID,3891.54,1303,
CHECK,09/22/2017,"CHECK 1489  ",-150.00,CHECK_PAID,3944.54,1489,
DEBIT,09/22/2017,"Online Transfer to  MMA ...6356 transaction#: 6518791273 09/22",-231.00,ACCT_XFER,4094.54,,
DEBIT,09/22/2017,"Online Transfer to  CHK ...4717 transaction#: 6518791275 09/22",-703.00,ACCT_XFER,4325.54,,
CHECK,09/21/2017,"CHECK 1302  ",-3105.00,CHECK_PAID,5028.54,1302,
DEBIT,09/19/2017,"ATM WITHDRAWAL                       003879  09/192801 PFIN",-80.00,ATM,8133.54,,
CREDIT,09/18/2017,"INTEREST PAYMENT",0.03,MISC_CREDIT,8213.54,,
DEBIT,09/18/2017,"NON-CHASE ATM WITHDRAW               198625  09/16353 BANK",-83.00,ATM,8213.51,,
DEBIT,09/15/2017,"Online Transfer to  MMA ...6356 transaction#: 6502936146 09/15",-231.00,ACCT_XFER,8296.51,,
DEBIT,09/15/2017,"Online Transfer to  CHK ...4717 transaction#: 6502936144 09/15",-703.00,ACCT_XFER,8527.51,,
CREDIT,09/15/2017,"KRANZE TECHNOLOG QUICKBOOKS                 PPD ID: 1722616653",3337.01,ACH_CREDIT,9230.51,,
CREDIT,09/12/2017,"Online Transfer from MMA ...6356 transaction#: 6511931157",3105.00,ACCT_XFER,5893.50,,
DEBIT,09/08/2017,"Online Transfer to  CHK ...4717 transaction#: 6484143606 09/08",-703.00,ACCT_XFER,2788.50,,
DEBIT,09/08/2017,"Online Transfer to  MMA ...6356 transaction#: 6484143605 09/08",-231.00,ACCT_XFER,3491.50,,
DEBIT,09/07/2017,"PAYPAL           INST XFER  NJANATOU        WEB ID: PAYPALSI77",-19.86,ACH_DEBIT,3722.50,,
CHECK,09/07/2017,"CHECK 1488  ",-30.00,CHECK_PAID,3742.36,1488,
DEBIT,09/05/2017,"Payment to Chase card ending in 0545 09/05",-4269.61,ACCT_XFER,3772.36,,
CREDIT,09/05/2017,"Online Transfer from MMA ...6356 transaction#: 6491074835",5000.00,ACCT_XFER,8041.97,,
DEBIT,09/01/2017,"Online Transfer to  MMA ...6356 transaction#: 6467701467 09/01",-231.00,ACCT_XFER,3041.97,,
DEBIT,09/01/2017,"Online Transfer to  CHK ...4717 transaction#: 6467701464 09/01",-703.00,ACCT_XFER,3272.97,,
CREDIT,08/31/2017,"KRANZE TECHNOLOG QUICKBOOKS                 PPD ID: 1722616653",3064.36,ACH_CREDIT,3975.97,,
DSLIP,08/29/2017,"REMOTE ONLINE DEPOSIT #          1",40.00,CHECK_DEPOSIT,911.61,1,
DEBIT,08/28/2017,"NON-CHASE ATM WITHDRAW               838482  08/2636 BEAUTY",-84.99,ATM,871.61,,
DEBIT,08/28/2017,"NON-CHASE ATM WITHDRAW               123820  08/26701 COVEN",-124.99,ATM,956.60,,
DEBIT,08/25/2017,"Online Transfer to  MMA ...6356 transaction#: 6452001860 08/25",-231.00,ACCT_XFER,1081.59,,
DEBIT,08/25/2017,"Online Transfer to  CHK ...4717 transaction#: 6452001863 08/25",-1184.00,ACCT_XFER,1312.59,,
CREDIT,08/25/2017,"CL SCHOOL DISTRI PAYROLL                    PPD ID: 1366005102",83.78,ACH_CREDIT,2496.59,,
DSLIP,08/24/2017,"REMOTE ONLINE DEPOSIT #          1",100.00,CHECK_DEPOSIT,2412.81,1,
CHECK,08/23/2017,"CHECK 1487  ",-27.00,CHECK_PAID,2312.81,1487,
DSLIP,08/22/2017,"REMOTE ONLINE DEPOSIT #          1",40.00,CHECK_DEPOSIT,2339.81,1,
CHECK,08/18/2017,"CHECK 1486  ",-40.00,CHECK_PAID,2299.81,1486,
DEBIT,08/18/2017,"Online Transfer to  MMA ...6356 transaction#: 6435272328 08/18",-231.00,ACCT_XFER,2339.81,,
DEBIT,08/18/2017,"Online Transfer to  CHK ...4717 transaction#: 6435272317 08/18",-1184.00,ACCT_XFER,2570.81,,
CREDIT,08/15/2017,"INTEREST PAYMENT",0.02,MISC_CREDIT,3754.81,,
CREDIT,08/15/2017,"KRANZE TECHNOLOG QUICKBOOKS                 PPD ID: 1722616653",3175.04,ACH_CREDIT,3754.79,,
CHECK,08/14/2017,"CHECK 1485  ",-53.00,CHECK_PAID,579.75,1485,
DEBIT,08/14/2017,"ATM WITHDRAWAL                       008315  08/141350 E AL",-100.00,ATM,632.75,,
DEBIT,08/11/2017,"Online Transfer to  MMA ...6356 transaction#: 6418912561 08/11",-231.00,ACCT_XFER,732.75,,
DEBIT,08/11/2017,"Online Transfer to  CHK ...4717 transaction#: 6418912555 08/11",-1184.00,ACCT_XFER,963.75,,
CREDIT,08/11/2017,"CL SCHOOL DISTRI PAYROLL                    PPD ID: 1366005102",1514.28,ACH_CREDIT,2147.75,,
DEBIT,08/04/2017,"Online Transfer to  MMA ...6356 transaction#: 6399342083 08/04",-231.00,ACCT_XFER,633.47,,
DSLIP,08/04/2017,"REMOTE ONLINE DEPOSIT #          1",50.00,CHECK_DEPOSIT,864.47,1,
DSLIP,08/04/2017,"REMOTE ONLINE DEPOSIT #          1",150.00,CHECK_DEPOSIT,814.47,1,
DEBIT,08/03/2017,"Payment to Chase card ending in 0545 08/03",-5664.06,ACCT_XFER,664.47,,
CREDIT,07/31/2017,"KRANZE TECHNOLOG QUICKBOOKS                 PPD ID: 1722616653",2950.32,ACH_CREDIT,6328.53,,
DEBIT,07/28/2017,"Online Transfer to  MMA ...6356 transaction#: 6382939617 07/28",-231.00,ACCT_XFER,3378.21,,
DEBIT,07/28/2017,"Online Transfer to  CHK ...4717 transaction#: 6382939615 07/28",-1184.00,ACCT_XFER,3609.21,,
CREDIT,07/28/2017,"CL SCHOOL DISTRI PAYROLL                    PPD ID: 1366005102",83.78,ACH_CREDIT,4793.21,,
CREDIT,07/28/2017,"CL SCHOOL DISTRI PAYROLL                    PPD ID: 1366005102",1514.28,ACH_CREDIT,4709.43,,
DEBIT,07/21/2017,"Online Transfer to  MMA ...6356 transaction#: 6366613774 07/21",-231.00,ACCT_XFER,3195.15,,
DEBIT,07/21/2017,"Online Transfer to  CHK ...4717 transaction#: 6366613773 07/21",-1184.00,ACCT_XFER,3426.15,,
CREDIT,07/18/2017,"INTEREST PAYMENT",0.05,MISC_CREDIT,4610.15,,
DEBIT,07/14/2017,"Online Transfer to  MMA ...6356 transaction#: 6350638277 07/14",-231.00,ACCT_XFER,4610.10,,
DEBIT,07/14/2017,"Online Transfer to  CHK ...4717 transaction#: 6350638279 07/14",-1184.00,ACCT_XFER,4841.10,,
CREDIT,07/14/2017,"CL SCHOOL DISTRI PAYROLL                    PPD ID: 1366005102",0.01,ACH_CREDIT,6025.10,,
CREDIT,07/14/2017,"CL SCHOOL DISTRI PAYROLL                    PPD ID: 1366005102",1480.28,ACH_CREDIT,6025.09,,
CREDIT,07/14/2017,"KRANZE TECHNOLOG QUICKBOOKS                 PPD ID: 1722616653",3216.66,ACH_CREDIT,4544.81,,
CHECK,07/12/2017,"CHECK 1484  ",-100.00,CHECK_PAID,1328.15,1484,
CHECK,07/10/2017,"CHECK 1483  ",-105.50,CHECK_PAID,1428.15,1483,
DEBIT,07/07/2017,"Online Transfer to  CHK ...4717 transaction#: 6332431407 07/07",-1184.00,ACCT_XFER,1533.65,,
DEBIT,07/07/2017,"Online Transfer to  MMA ...6356 transaction#: 6332431406 07/07",-231.00,ACCT_XFER,2717.65,,
DEBIT,07/05/2017,"Payment to Chase card ending in 0545 07/05",-6511.48,ACCT_XFER,2948.65,,
DEBIT,07/03/2017,"NON-CHASE ATM WITHDRAW               663307  07/011160 GULF",-62.25,ATM,9460.13,,
DEBIT,06/30/2017,"Online Transfer to  CHK ...4717 transaction#: 6316106828 06/30",-1184.00,ACCT_XFER,9522.38,,
DEBIT,06/30/2017,"Online Transfer to  MMA ...6356 transaction#: 6316106827 06/30",-231.00,ACCT_XFER,10706.38,,
CREDIT,06/30/2017,"CL SCHOOL DISTRI PAYROLL                    PPD ID: 1366005102",1489.50,ACH_CREDIT,10937.38,,
CREDIT,06/30/2017,"KRANZE TECHNOLOG QUICKBOOKS                 PPD ID: 1722616653",3349.83,ACH_CREDIT,9447.88,,
CHECK,06/27/2017,"CHECK 1482  ",-436.04,CHECK_PAID,6098.05,1482,
DEBIT,06/26/2017,"Chase QuickPay Electronic Transfer 6322559465 to CLUTTER FREE BY CHRISSY",-20.00,QUICKPAY_DEBIT,6534.09,,
DEBIT,06/23/2017,"Online Transfer to  MMA ...6356 transaction#: 6300267370 06/23",-231.00,ACCT_XFER,6554.09,,
DEBIT,06/23/2017,"Online Transfer to  CHK ...4717 transaction#: 6300267368 06/23",-1184.00,ACCT_XFER,6785.09,,
CHECK,06/19/2017,"CHECK 1480  ",-364.00,CHECK_PAID,7969.09,1480,
DEBIT,06/16/2017,"Online Transfer to  CHK ...4717 transaction#: 6283909651 06/16",-1184.00,ACCT_XFER,8333.09,,
DEBIT,06/16/2017,"Online Transfer to  MMA ...6356 transaction#: 6283909650 06/16",-231.00,ACCT_XFER,9517.09,,
CREDIT,06/16/2017,"CL SCHOOL DISTRI PAYROLL                    PPD ID: 1366005102",1480.28,ACH_CREDIT,9748.09,,
CREDIT,06/15/2017,"INTEREST PAYMENT",0.02,MISC_CREDIT,8267.81,,
CHECK,06/15/2017,"CHECK 1481  ",-53.00,CHECK_PAID,8267.79,1481,
CREDIT,06/15/2017,"KRANZE TECHNOLOG QUICKBOOKS                 PPD ID: 1722616653",3484.00,ACH_CREDIT,8320.79,,
CREDIT,06/14/2017,"Online Transfer from MMA ...6356 transaction#: 6294784422",5000.00,ACCT_XFER,4836.79,,
DEBIT,06/12/2017,"INSUFFICIENT FUNDS FEE FOR CHECK #1479 IN THE AMOUNT OF $47.70",-34.00,FEE_TRANSACTION,-163.21,,
CHECK,06/12/2017,"CHECK 1479  ",-47.70,CHECK_PAID,-129.21,1479,
DEBIT,06/09/2017,"INSUFFICIENT FUNDS FEE FOR CHECK #1478 IN THE AMOUNT OF $100.00",-34.00,FEE_TRANSACTION,-81.51,,
CHECK,06/09/2017,"CHECK 1478  ",-100.00,CHECK_PAID,-47.51,1478,
CHECK,06/07/2017,"CHECK 1477  ",-8.00,CHECK_PAID,52.49,1477,
DEBIT,06/05/2017,"Payment to Chase card ending in 0545 06/05",-5092.11,ACCT_XFER,60.49,,
CHECK,06/02/2017,"CHECK 1476  ",-92.14,CHECK_PAID,5152.60,1476,
DEBIT,06/02/2017,"Online Transfer to  MMA ...6356 transaction#: 6249511779 06/02",-231.00,ACCT_XFER,5244.74,,
DEBIT,06/02/2017,"Online Transfer to  CHK ...4717 transaction#: 6249511777 06/02",-1184.00,ACCT_XFER,5475.74,,
CREDIT,06/02/2017,"CL SCHOOL DISTRI PAYROLL                    PPD ID: 1366005102",1480.28,ACH_CREDIT,6659.74,,
CREDIT,05/31/2017,"KRANZE TECHNOLOG QUICKBOOKS                 PPD ID: 1722616653",3327.21,ACH_CREDIT,5179.46,,
CHECK,05/26/2017,"CHECK 1473  ",-119.00,CHECK_PAID,1852.25,1473,
DEBIT,05/26/2017,"Online Transfer to  MMA ...6356 transaction#: 6233987108 05/26",-231.00,ACCT_XFER,1971.25,,
DEBIT,05/26/2017,"Online Transfer to  CHK ...4717 transaction#: 6233987096 05/26",-1184.00,ACCT_XFER,2202.25,,
CHECK,05/24/2017,"CHECK 1474  ",-40.00,CHECK_PAID,3386.25,1474,
CHECK,05/24/2017,"CHECK # 1475      APSA/DPSF        CHECKPAYMT        ARC ID: 1364494026  ",-50.00,CHECK_PAID,3426.25,1475,
DEBIT,05/19/2017,"Online Transfer to  MMA ...6356 transaction#: 6217504838 05/19",-231.00,ACCT_XFER,3476.25,,
DEBIT,05/19/2017,"Online Transfer to  CHK ...4717 transaction#: 6217504839 05/19",-1184.00,ACCT_XFER,3707.25,,
CREDIT,05/19/2017,"CL SCHOOL DISTRI PAYROLL                    PPD ID: 1366005102",2220.85,ACH_CREDIT,4891.25,,
CREDIT,05/15/2017,"INTEREST PAYMENT",0.03,MISC_CREDIT,2670.40,,
DEBIT,05/15/2017,"Online Transfer to  CHK ...4717 transaction#: 6201526796 05/15",-1184.00,ACCT_XFER,2670.37,,
CREDIT,05/15/2017,"KRANZE TECHNOLOG QUICKBOOKS                 PPD ID: 1722616653",2934.91,ACH_CREDIT,3854.37,,
DEBIT,05/12/2017,"Online Transfer to  MMA ...6356 transaction#: 6201526799 05/12",-231.00,ACCT_XFER,919.46,,
CHECK,05/05/2017,"CHECK 1472  ",-100.00,CHECK_PAID,1150.46,1472,
DEBIT,05/05/2017,"Online Transfer to  MMA ...6356 transaction#: 6181770860 05/05",-231.00,ACCT_XFER,1250.46,,
DEBIT,05/05/2017,"Online Transfer to  CHK ...4717 transaction#: 6181770865 05/05",-1184.00,ACCT_XFER,1481.46,,
CREDIT,05/05/2017,"CL SCHOOL DISTRI PAYROLL                    PPD ID: 1366005102",1480.28,ACH_CREDIT,2665.46,,
DEBIT,05/02/2017,"Payment to Chase card ending in 0545 05/02",-4960.77,ACCT_XFER,1185.18,,
DEBIT,04/28/2017,"Online Transfer to  MMA ...6356 transaction#: 6165646213 04/28",-231.00,ACCT_XFER,6145.95,,
DEBIT,04/28/2017,"Online Transfer to  CHK ...4717 transaction#: 6165646218 04/28",-1184.00,ACCT_XFER,6376.95,,
CREDIT,04/28/2017,"KRANZE TECHNOLOG QUICKBOOKS                 PPD ID: 1722616653",2934.91,ACH_CREDIT,7560.95,,
CHECK,04/27/2017,"CHECK 1471  ",-53.00,CHECK_PAID,4626.04,1471,
CHECK,04/27/2017,"CHECK 1469  ",-222.44,CHECK_PAID,4679.04,1469,
CHECK,04/27/2017,"CHECK 1468  ",-254.26,CHECK_PAID,4901.48,1468,
CHECK,04/27/2017,"CHECK 1470  ",-884.11,CHECK_PAID,5155.74,1470,
DEBIT,04/24/2017,"NON-CHASE ATM WITHDRAW               027229  04/222700 N  C",-123.95,ATM,6039.85,,
DEBIT,04/21/2017,"Online Transfer to  MMA ...6356 transaction#: 6149474248 04/21",-231.00,ACCT_XFER,6163.80,,
DEBIT,04/21/2017,"Online Transfer to  CHK ...4717 transaction#: 6149474251 04/21",-1184.00,ACCT_XFER,6394.80,,
CREDIT,04/21/2017,"CL SCHOOL DISTRI PAYROLL                    PPD ID: 1366005102",1480.28,ACH_CREDIT,7578.80,,
DSLIP,04/21/2017,"REMOTE ONLINE DEPOSIT #          1",100.00,CHECK_DEPOSIT,6098.52,1,
CREDIT,04/17/2017,"INTEREST PAYMENT",0.05,MISC_CREDIT,5998.52,,
DEBIT,04/14/2017,"Online Transfer to  MMA ...6356 transaction#: 6133762751 04/14",-231.00,ACCT_XFER,5998.47,,
DEBIT,04/14/2017,"Online Transfer to  CHK ...4717 transaction#: 6133762754 04/14",-1184.00,ACCT_XFER,6229.47,,
CREDIT,04/14/2017,"KRANZE TECHNOLOG QUICKBOOKS                 PPD ID: 1722616653",3468.59,ACH_CREDIT,7413.47,,
CHECK,04/11/2017,"CHECK 1467  ",-50.00,CHECK_PAID,3944.88,1467,
DEBIT,04/07/2017,"Online Transfer to  MMA ...6356 transaction#: 6114536457 04/07",-231.00,ACCT_XFER,3994.88,,
DEBIT,04/07/2017,"Online Transfer to  CHK ...4717 transaction#: 6114536463 04/07",-1184.00,ACCT_XFER,4225.88,,
CREDIT,04/07/2017,"CL SCHOOL DISTRI PAYROLL                    PPD ID: 1366005102",1480.28,ACH_CREDIT,5409.88,,
DEBIT,04/03/2017,"Payment to Chase card ending in 0545 04/03",-4131.31,ACCT_XFER,3929.60,,
DEBIT,03/31/2017,"Online Transfer to  MMA ...6356 transaction#: 6098660996 03/31",-231.00,ACCT_XFER,8060.91,,
DEBIT,03/31/2017,"Online Transfer to  CHK ...4717 transaction#: 6098660998 03/31",-1184.00,ACCT_XFER,8291.91,,
CREDIT,03/31/2017,"KRANZE TECHNOLOG QUICKBOOKS                 PPD ID: 1722616653",3201.25,ACH_CREDIT,9475.91,,
DSLIP,03/30/2017,"REMOTE ONLINE DEPOSIT #          1",25.00,CHECK_DEPOSIT,6274.66,1,
DSLIP,03/30/2017,"REMOTE ONLINE DEPOSIT #          1",50.00,CHECK_DEPOSIT,6249.66,1,
DEBIT,03/24/2017,"Online Transfer to  MMA ...6356 transaction#: 6083646111 03/24",-231.00,ACCT_XFER,6199.66,,
DEBIT,03/24/2017,"Online Transfer to  CHK ...4717 transaction#: 6083646113 03/24",-1184.00,ACCT_XFER,6430.66,,
CREDIT,03/24/2017,"CL SCHOOL DISTRI PAYROLL                    PPD ID: 1366005102",2283.44,ACH_CREDIT,7614.66,,
CHECK,03/22/2017,"CHECK 1466  ",-100.00,CHECK_PAID,5331.22,1466,
DEBIT,03/22/2017,"Chase QuickPay Electronic Transfer 6093957054 to CLUTTER FREE BY CHRISSY",-30.00,QUICKPAY_DEBIT,5431.22,,
DEBIT,03/17/2017,"Online Transfer to  MMA ...6356 transaction#: 6066663396 03/17",-231.00,ACCT_XFER,5461.22,,
DEBIT,03/17/2017,"Online Transfer to  CHK ...4717 transaction#: 6066663398 03/17",-1184.00,ACCT_XFER,5692.22,,
CREDIT,03/15/2017,"INTEREST PAYMENT",0.05,MISC_CREDIT,6876.22,,
CREDIT,03/15/2017,"KRANZE TECHNOLOG QUICKBOOKS                 PPD ID: 1722616653",2850.93,ACH_CREDIT,6876.17,,
CHECK,03/10/2017,"CHECK 1464  ",-954.40,CHECK_PAID,4025.24,1464,
DEBIT,03/10/2017,"Online Transfer to  MMA ...6356 transaction#: 6049994227 03/10",-231.00,ACCT_XFER,4979.64,,
DEBIT,03/10/2017,"Online Transfer to  CHK ...4717 transaction#: 6049994216 03/10",-1184.00,ACCT_XFER,5210.64,,
CREDIT,03/10/2017,"CL SCHOOL DISTRI PAYROLL                    PPD ID: 1366005102",1480.28,ACH_CREDIT,6394.64,,
CHECK,03/09/2017,"CHECK 1463  ",-157.24,CHECK_PAID,4914.36,1463,
CHECK,03/08/2017,"CHECK 1465  ",-15.68,CHECK_PAID,5071.60,1465,
DEBIT,03/06/2017,"Payment to Chase card ending in 0545 03/06",-3876.18,ACCT_XFER,5087.28,,
DEBIT,03/03/2017,"Online Transfer to  CHK ...4717 transaction#: 6030264541 03/03",-1184.00,ACCT_XFER,8963.46,,
DEBIT,03/03/2017,"Online Transfer to  MMA ...6356 transaction#: 6030264539 03/03",-231.00,ACCT_XFER,10147.46,,
CHECK,03/02/2017,"CHECK 1460  ",-101.67,CHECK_PAID,10378.46,1460,
CHECK,03/02/2017,"CHECK 1462  ",-147.68,CHECK_PAID,10480.13,1462,
CHECK,03/02/2017,"CHECK 1461  ",-266.39,CHECK_PAID,10627.81,1461,
CREDIT,02/28/2017,"KRANZE TECHNOLOG QUICKBOOKS                 PPD ID: 1722616653",3393.80,ACH_CREDIT,10894.20,,
DSLIP,02/27/2017,"REMOTE ONLINE DEPOSIT #          1",100.00,CHECK_DEPOSIT,7500.40,1,
DEBIT,02/24/2017,"Online Transfer to  CHK ...4717 transaction#: 6015555069 02/24",-1184.00,ACCT_XFER,7400.40,,
DEBIT,02/24/2017,"Online Transfer to  MMA ...6356 transaction#: 6015555066 02/24",-231.00,ACCT_XFER,8584.40,,
CREDIT,02/24/2017,"CL SCHOOL DISTRI PAYROLL                    PPD ID: 1366005102",1488.18,ACH_CREDIT,8815.40,,
CHECK,02/22/2017,"CHECK 1459  ",-78.62,CHECK_PAID,7327.22,1459,
DEBIT,02/21/2017,"ATM WITHDRAWAL                       004290  02/1810 S DEAR",-160.00,ATM,7405.84,,
DEBIT,02/17/2017,"Online Transfer to  CHK ...4717 transaction#: 5998567194 02/17",-1184.00,ACCT_XFER,7565.84,,
DEBIT,02/17/2017,"Online Transfer to  MMA ...6356 transaction#: 5998567191 02/17",-231.00,ACCT_XFER,8749.84,,
CHECK,02/16/2017,"CHECK 1458  ",-70.00,CHECK_PAID,8980.84,1458,
CREDIT,02/15/2017,"INTEREST PAYMENT",0.06,MISC_CREDIT,9050.84,,
CREDIT,02/15/2017,"KRANZE TECHNOLOG QUICKBOOKS                 PPD ID: 1722616653",3468.58,ACH_CREDIT,9050.78,,
DSLIP,02/13/2017,"REMOTE ONLINE DEPOSIT #          1",100.00,CHECK_DEPOSIT,5582.20,1,
CHECK,02/10/2017,"CHECK 1457  ",-100.00,CHECK_PAID,5482.20,1457,
DEBIT,02/10/2017,"Online Transfer to  MMA ...6356 transaction#: 5982250225 02/10",-231.00,ACCT_XFER,5582.20,,
DEBIT,02/10/2017,"Online Transfer to  CHK ...4717 transaction#: 5982250219 02/10",-1184.00,ACCT_XFER,5813.20,,
CREDIT,02/10/2017,"CL SCHOOL DISTRI PAYROLL                    PPD ID: 1366005102",1971.64,ACH_CREDIT,6997.20,,
CHECK,02/08/2017,"CHECK # 1456      FSF/FFRF         CHECKPAYMT        ARC ID: 1262903852  ",-50.00,CHECK_PAID,5025.56,1456,
CHECK,02/06/2017,"CHECK 1455  ",-349.67,CHECK_PAID,5075.56,1455,
CHECK,02/03/2017,"CHECK 1453  ",-126.00,CHECK_PAID,5425.23,1453,
DEBIT,02/03/2017,"Online Transfer to  MMA ...6356 transaction#: 5963875835 02/03",-231.00,ACCT_XFER,5551.23,,
DEBIT,02/03/2017,"Online Transfer to  CHK ...4717 transaction#: 5963875478 02/03",-1184.00,ACCT_XFER,5782.23,,
DEBIT,02/02/2017,"Payment to Chase card ending in 0545 02/02",-4699.44,ACCT_XFER,6966.23,,
CREDIT,01/31/2017,"KRANZE TECHNOLOG QUICKBOOKS                 PPD ID: 1722616653",2943.11,ACH_CREDIT,11665.67,,
CHECK,01/30/2017,"CHECK 1454  ",-22.00,CHECK_PAID,8722.56,1454,
DEBIT,01/27/2017,"Online Transfer to  CHK ...4717 transaction#: 5949184673 01/27",-1184.00,ACCT_XFER,8744.56,,
DEBIT,01/27/2017,"Online Transfer to  MMA ...6356 transaction#: 5949184671 01/27",-231.00,ACCT_XFER,9928.56,,
CREDIT,01/27/2017,"CL SCHOOL DISTRI PAYROLL                    PPD ID: 1366005102",1439.32,ACH_CREDIT,10159.56,,
DSLIP,01/23/2017,"REMOTE ONLINE DEPOSIT #          1",25.00,CHECK_DEPOSIT,8720.24,1,
DSLIP,01/23/2017,"REMOTE ONLINE DEPOSIT #          1",300.00,CHECK_DEPOSIT,8695.24,1,
DEBIT,01/20/2017,"Online Transfer to  MMA ...6356 transaction#: 5933917085 01/20",-231.00,ACCT_XFER,8395.24,,
DEBIT,01/20/2017,"Online Transfer to  CHK ...4717 transaction#: 5933917083 01/20",-937.00,ACCT_XFER,8626.24,,
CREDIT,01/18/2017,"INTEREST PAYMENT",0.05,MISC_CREDIT,9563.24,,
CHECK,01/13/2017,"CHECK 1451  ",-100.00,CHECK_PAID,9563.19,1451,
DEBIT,01/13/2017,"Online Transfer to  MMA ...6356 transaction#: 5918636630 01/13",-231.00,ACCT_XFER,9663.19,,
DEBIT,01/13/2017,"Online Transfer to  CHK ...4717 transaction#: 5918636628 01/13",-937.00,ACCT_XFER,9894.19,,
CREDIT,01/13/2017,"CL SCHOOL DISTRI PAYROLL                    PPD ID: 1366005102",1439.32,ACH_CREDIT,10831.19,,
CREDIT,01/13/2017,"KRANZE TECHNOLOG QUICKBOOKS                 PPD ID: 1722616653",3201.25,ACH_CREDIT,9391.87,,
CREDIT,01/10/2017,"Online Transfer from MMA ...6356 transaction#: 5927088642",6000.00,ACCT_XFER,6190.62,,
DEBIT,01/06/2017,"Online Transfer to  CHK ...4717 transaction#: 5901226743 01/06",-937.00,ACCT_XFER,190.62,,
DEBIT,01/06/2017,"Online Transfer to  MMA ...6356 transaction#: 5901226744 01/06",-231.00,ACCT_XFER,1127.62,,
DEBIT,01/03/2017,"FORD CREDIT      FORDCREDIT                 PPD ID: 9587806001",-500.00,ACH_DEBIT,1358.62,,
DEBIT,01/03/2017,"Payment to Chase card ending in 0545 01/03",-5453.33,ACCT_XFER,1858.62,,
DEBIT,12/30/2016,"Online Transfer to  CHK ...4717 transaction#: 5887194595 12/30",-937.00,ACCT_XFER,7311.95,,
DEBIT,12/30/2016,"Online Transfer to  MMA ...6356 transaction#: 5887194593 12/30",-231.00,ACCT_XFER,8248.95,,
CREDIT,12/30/2016,"CL SCHOOL DISTRI PAYROLL                    PPD ID: 1366005102",1446.81,ACH_CREDIT,8479.95,,
CREDIT,12/30/2016,"KRANZE TECHNOLOG QUICKBOOKS                 PPD ID: 1722616653",3434.00,ACH_CREDIT,7033.14,,
CHECK,12/29/2016,"CHECK 1448  ",-220.00,CHECK_PAID,3599.14,1448,
CHECK,12/23/2016,"CHECK 1445  ",-200.00,CHECK_PAID,3819.14,1445,
DEBIT,12/23/2016,"Online Transfer to  CHK ...4717 transaction#: 5871161032 12/23",-937.00,ACCT_XFER,4019.14,,
DEBIT,12/23/2016,"Online Transfer to  MMA ...6356 transaction#: 5871161029 12/23",-231.00,ACCT_XFER,4956.14,,
DEBIT,12/21/2016,"ATM WITHDRAWAL                       309577  12/211301 E A",-100.00,ATM,5187.14,,
CREDIT,12/19/2016,"CL SCHOOL DISTRI PAYROLL                    PPD ID: 1366005102",873.21,ACH_CREDIT,5287.14,,
DEBIT,12/16/2016,"Online Transfer to  MMA ...6356 transaction#: 5855137812 12/16",-231.00,ACCT_XFER,4413.93,,
DEBIT,12/16/2016,"Online Transfer to  CHK ...4717 transaction#: 5855137811 12/16",-937.00,ACCT_XFER,4644.93,,
CREDIT,12/16/2016,"CL SCHOOL DISTRI PAYROLL                    PPD ID: 1366005102",1437.02,ACH_CREDIT,5581.93,,
CREDIT,12/15/2016,"INTEREST PAYMENT",0.03,MISC_CREDIT,4144.91,,
CHECK,12/15/2016,"CHECK 1447  ",-120.00,CHECK_PAID,4144.88,1447,
CREDIT,12/15/2016,"KRANZE TECHNOLOG QUICKBOOKS                 PPD ID: 1722616653",3198.25,ACH_CREDIT,4264.88,,
DEBIT,12/14/2016,"NON-CHASE ATM WITHDRAW               093369  12/145 S NORTH",-83.00,ATM,1066.63,,
CHECK,12/13/2016,"CHECK 1449  ",-219.20,CHECK_PAID,1149.63,1449,
CHECK,12/13/2016,"CHECK 1450  ",-1842.55,CHECK_PAID,1368.83,1450,
DEBIT,12/12/2016,"Online Transfer to  MMA ...6356 transaction#: 5838501193 12/12",-231.00,ACCT_XFER,3211.38,,
CREDIT,12/12/2016,"KRANZE TECHNOLOG QUICKBOOKS                 PPD ID: 1722616653",3269.48,ACH_CREDIT,3442.38,,
DEBIT,12/09/2016,"Online Transfer to  CHK ...4717 transaction#: 5838501194 12/09",-937.00,ACCT_XFER,172.90,,
DEBIT,12/07/2016,"Payment to Chase card ending in 0545 12/07",-5210.60,ACCT_XFER,1109.90,,
DEBIT,12/02/2016,"Online Transfer to  MMA ...6356 transaction#: 5820972809 12/02",-231.00,ACCT_XFER,6320.50,,
DEBIT,12/02/2016,"Online Transfer to  CHK ...4717 transaction#: 5820972807 12/02",-937.00,ACCT_XFER,6551.50,,
CREDIT,12/02/2016,"CL SCHOOL DISTRI PAYROLL                    PPD ID: 1366005102",1436.84,ACH_CREDIT,7488.50,,
DEBIT,12/01/2016,"FORD CREDIT      FORDCREDIT                 PPD ID: 9587806001",-500.00,ACH_DEBIT,6051.66,,
CREDIT,11/30/2016,"KRANZE TECHNOLOG QUICKBOOKS                 PPD ID: 1722616653",3209.55,ACH_CREDIT,6551.66,,
DEBIT,11/25/2016,"Online Transfer to  MMA ...6356 transaction#: 5807124957 11/25",-231.00,ACCT_XFER,3342.11,,
DEBIT,11/25/2016,"Online Transfer to  CHK ...4717 transaction#: 5807124956 11/25",-937.00,ACCT_XFER,3573.11,,
DEBIT,11/18/2016,"Online Transfer to  CHK ...4717 transaction#: 5789427754 11/18",-937.00,ACCT_XFER,4510.11,,
DEBIT,11/18/2016,"Online Transfer to  MMA ...6356 transaction#: 5789427753 11/18",-231.00,ACCT_XFER,5447.11,,
CREDIT,11/18/2016,"CL SCHOOL DISTRI PAYROLL                    PPD ID: 1366005102",1436.84,ACH_CREDIT,5678.11,,
CREDIT,11/16/2016,"INTEREST PAYMENT",0.03,MISC_CREDIT,4241.27,,
CREDIT,11/15/2016,"KRANZE TECHNOLOG QUICKBOOKS                 PPD ID: 1722616653",3209.56,ACH_CREDIT,4241.24,,
DEBIT,11/14/2016,"ATM WITHDRAWAL                       008292  11/121350 E AL",-100.00,ATM,1031.68,,
DEBIT,11/10/2016,"Online Transfer to  MMA ...6356 transaction#: 5776672472 11/10",-231.00,ACCT_XFER,1131.68,,
DEBIT,11/10/2016,"Online Transfer to  CHK ...4717 transaction#: 5776672468 11/10",-937.00,ACCT_XFER,1362.68,,
CREDIT,11/10/2016,"KRANZE TECHNOLOG QUICKBOOKS                 PPD ID: 1722616653",401.00,ACH_CREDIT,2299.68,,
DEBIT,11/04/2016,"Online Transfer to  CHK ...4717 transaction#: 5758574659 11/04",-937.00,ACCT_XFER,1898.68,,
DEBIT,11/04/2016,"Online Transfer to  MMA ...6356 transaction#: 5758574657 11/04",-231.00,ACCT_XFER,2835.68,,
CREDIT,11/04/2016,"CL SCHOOL DISTRI PAYROLL                    PPD ID: 1366005102",1436.84,ACH_CREDIT,3066.68,,
DEBIT,11/02/2016,"Payment to Chase card ending in 2121 11/02",-5060.96,ACCT_XFER,1629.84,,
DEBIT,11/01/2016,"FORD CREDIT      FORDCREDIT                 PPD ID: 9587806001",-500.00,ACH_DEBIT,6690.80,,
CREDIT,10/31/2016,"KRANZE TECHNOLOG QUICKBOOKS                 PPD ID: 1722616653",2943.23,ACH_CREDIT,7190.80,,
DEBIT,10/28/2016,"Online Transfer to  CHK ...4717 transaction#: 5744405314 10/28",-937.00,ACCT_XFER,4247.57,,
DEBIT,10/28/2016,"Online Transfer to  MMA ...6356 transaction#: 5744405312 10/28",-231.00,ACCT_XFER,5184.57,,
DEBIT,10/21/2016,"Online Transfer to  MMA ...6356 transaction#: 5729021529 10/21",-231.00,ACCT_XFER,5415.57,,
DEBIT,10/21/2016,"Online Transfer to  CHK ...4717 transaction#: 5729021528 10/21",-937.00,ACCT_XFER,5646.57,,
CREDIT,10/21/2016,"CL SCHOOL DISTRI PAYROLL                    PPD ID: 1366005102",2173.49,ACH_CREDIT,6583.57,,
DSLIP,10/20/2016,"REMOTE ONLINE DEPOSIT #          1",38.06,CHECK_DEPOSIT,4410.08,1,
CREDIT,10/18/2016,"INTEREST PAYMENT",0.03,MISC_CREDIT,4372.02,,
DEBIT,10/14/2016,"Online Transfer to  MMA ...6356 transaction#: 5714558592 10/14",-231.00,ACCT_XFER,4371.99,,
DEBIT,10/14/2016,"Online Transfer to  CHK ...4717 transaction#: 5714558589 10/14",-937.00,ACCT_XFER,4602.99,,
CREDIT,10/14/2016,"KRANZE TECHNOLOG QUICKBOOKS                 PPD ID: 1722616653",3112.72,ACH_CREDIT,5539.99,,
DEBIT,10/11/2016,"WITHDRAWAL 10/11",-200.00,MISC_DEBIT,2427.27,,
DEBIT,10/07/2016,"Online Transfer to  MMA ...6356 transaction#: 5695614083 10/07",-231.00,ACCT_XFER,2627.27,,
DEBIT,10/07/2016,"Online Transfer to  CHK ...4717 transaction#: 5695614084 10/07",-937.00,ACCT_XFER,2858.27,,
CREDIT,10/07/2016,"CL SCHOOL DISTRI PAYROLL                    PPD ID: 1366005102",1470.84,ACH_CREDIT,3795.27,,
DEBIT,10/04/2016,"Payment to Chase card ending in 2121 10/04",-4351.20,ACCT_XFER,2324.43,,
DEBIT,10/03/2016,"FORD CREDIT      FORDCREDIT                 PPD ID: 9587806001",-500.00,ACH_DEBIT,6675.63,,
DEBIT,09/30/2016,"Online Transfer to  CHK ...4717 transaction#: 5681330886 09/30",-937.00,ACCT_XFER,7175.63,,
DEBIT,09/30/2016,"Online Transfer to  MMA ...6356 transaction#: 5681330883 09/30",-231.00,ACCT_XFER,8112.63,,
CREDIT,09/30/2016,"KRANZE TECHNOLOG QUICKBOOKS                 PPD ID: 1722616653",4035.50,ACH_CREDIT,8343.63,,
DEBIT,09/23/2016,"Online Transfer to  MMA ...6356 transaction#: 5666592365 09/23",-231.00,ACCT_XFER,4308.13,,
DEBIT,09/23/2016,"Online Transfer to  CHK ...4717 transaction#: 5666592360 09/23",-937.00,ACCT_XFER,4539.13,,
CREDIT,09/23/2016,"CL SCHOOL DISTRI PAYROLL                    PPD ID: 1366005102",1470.84,ACH_CREDIT,5476.13,,
CREDIT,09/16/2016,"INTEREST PAYMENT",0.04,MISC_CREDIT,4005.29,,
DEBIT,09/16/2016,"Online Transfer to  CHK ...4717 transaction#: 5651287418 09/16",-937.00,ACCT_XFER,4005.25,,
DEBIT,09/16/2016,"Online Transfer to  MMA ...6356 transaction#: 5651287416 09/16",-231.00,ACCT_XFER,4942.25,,
CREDIT,09/15/2016,"KRANZE TECHNOLOG QUICKBOOKS                 PPD ID: 1722616653",3361.30,ACH_CREDIT,5173.25,,
DEBIT,09/09/2016,"Online Transfer to  CHK ...4717 transaction#: 5636814929 09/09",-937.00,ACCT_XFER,1811.95,,
DEBIT,09/09/2016,"Online Transfer to  MMA ...6356 transaction#: 5636814927 09/09",-231.00,ACCT_XFER,2748.95,,
CREDIT,09/09/2016,"CL SCHOOL DISTRI PAYROLL                    PPD ID: 1366005102",1470.84,ACH_CREDIT,2979.95,,
DEBIT,09/06/2016,"Payment to Chase card ending in 2121 09/06",-5035.11,ACCT_XFER,1509.11,,
CHECK,09/02/2016,"CHECK 1444  ",-78.62,CHECK_PAID,6544.22,1444,
DEBIT,09/02/2016,"Online Transfer to  MMA ...6356 transaction#: 5619249507 09/02",-231.00,ACCT_XFER,6622.84,,
DEBIT,09/02/2016,"Online Transfer to  CHK ...4717 transaction#: 5619249506 09/02",-937.00,ACCT_XFER,6853.84,,
DEBIT,09/01/2016,"FORD CREDIT      FORDCREDIT                 PPD ID: 9587806001",-500.00,ACH_DEBIT,7790.84,,
CREDIT,08/31/2016,"KRANZE TECHNOLOG QUICKBOOKS                 PPD ID: 1722616653",3097.26,ACH_CREDIT,8290.84,,
DEBIT,08/26/2016,"Online Transfer to  CHK ...4717 transaction#: 5604848270 08/26",-937.00,ACCT_XFER,5193.58,,
DEBIT,08/26/2016,"Online Transfer to  MMA ...6356 transaction#: 5604848268 08/26",-231.00,ACCT_XFER,6130.58,,
CREDIT,08/26/2016,"CL SCHOOL DISTRI PAYROLL                    PPD ID: 1366005102",1470.84,ACH_CREDIT,6361.58,,
DEBIT,08/19/2016,"Online Transfer to  CHK ...4717 transaction#: 5589995186 08/19",-937.00,ACCT_XFER,4890.74,,
DEBIT,08/19/2016,"Online Transfer to  MMA ...6356 transaction#: 5589995184 08/19",-231.00,ACCT_XFER,5827.74,,
DEBIT,08/16/2016,"ATM WITHDRAWAL                       003346  08/161350 E AL",-100.00,ATM,6058.74,,
CREDIT,08/15/2016,"INTEREST PAYMENT",0.05,MISC_CREDIT,6158.74,,
CREDIT,08/15/2016,"KRANZE TECHNOLOG QUICKBOOKS                 PPD ID: 1722616653",2848.68,ACH_CREDIT,6158.69,,
DEBIT,08/12/2016,"Online Transfer to  CHK ...4717 transaction#: 5575227247 08/12",-937.00,ACCT_XFER,3310.01,,
DEBIT,08/12/2016,"Online Transfer to  MMA ...6356 transaction#: 5575227246 08/12",-231.00,ACCT_XFER,4247.01,,
CREDIT,08/12/2016,"CL SCHOOL DISTRI PAYROLL                    PPD ID: 1366005102",310.56,ACH_CREDIT,4478.01,,
DEBIT,08/05/2016,"Online Transfer to  CHK ...4717 transaction#: 5557958540 08/05",-937.00,ACCT_XFER,4167.45,,
DEBIT,08/05/2016,"Online Transfer to  MMA ...6356 transaction#: 5557958536 08/05",-231.00,ACCT_XFER,5104.45,,
DEBIT,08/03/2016,"Payment to Chase card ending in 2121 08/03",-4098.44,ACCT_XFER,5335.45,,
DEBIT,08/01/2016,"FORD CREDIT      FORDCREDIT                 PPD ID: 9587806001",-500.00,ACH_DEBIT,9433.89,,
CHECK,07/29/2016,"CHECK 1443  ",-78.62,CHECK_PAID,9933.89,1443,
DEBIT,07/29/2016,"Online Transfer to  MMA ...6356 transaction#: 5543336872 07/29",-231.00,ACCT_XFER,10012.51,,
DEBIT,07/29/2016,"Online Transfer to  CHK ...4717 transaction#: 5543336873 07/29",-937.00,ACCT_XFER,10243.51,,
CREDIT,07/29/2016,"CL SCHOOL DISTRI PAYROLL                    PPD ID: 1366005102",322.57,ACH_CREDIT,11180.51,,
CREDIT,07/29/2016,"KRANZE TECHNOLOG QUICKBOOKS                 PPD ID: 1722616653",3112.72,ACH_CREDIT,10857.94,,
DEBIT,07/22/2016,"Online Transfer to  CHK ...4717 transaction#: 5528816113 07/22",-937.00,ACCT_XFER,7745.22,,
DEBIT,07/22/2016,"Online Transfer to  MMA ...6356 transaction#: 5528816107 07/22",-231.00,ACCT_XFER,8682.22,,
CREDIT,07/18/2016,"INTEREST PAYMENT",0.09,MISC_CREDIT,8913.22,,
DEBIT,07/15/2016,"Online Transfer to  CHK ...4717 transaction#: 5514231026 07/15",-937.00,ACCT_XFER,8913.13,,
DEBIT,07/15/2016,"Online Transfer to  MMA ...6356 transaction#: 5514231025 07/15",-231.00,ACCT_XFER,9850.13,,
CREDIT,07/15/2016,"CL SCHOOL DISTRI PAYROLL                    PPD ID: 1366005102",310.56,ACH_CREDIT,10081.13,,
CREDIT,07/15/2016,"KRANZE TECHNOLOG QUICKBOOKS                 PPD ID: 1722616653",3097.27,ACH_CREDIT,9770.57,,
CHECK,07/13/2016,"CHECK # 1442      APSA/DPSF        CHECKPAYMT        ARC ID: 1364494026  ",-35.00,CHECK_PAID,6673.30,1442,
DEBIT,07/08/2016,"Online Transfer to  MMA ...6356 transaction#: 5497908248 07/08",-231.00,ACCT_XFER,6708.30,,
DEBIT,07/08/2016,"Online Transfer to  CHK ...4717 transaction#: 5497908246 07/08",-937.00,ACCT_XFER,6939.30,,
DEBIT,07/05/2016,"Payment to Chase card ending in 2121 07/05",-4015.82,ACCT_XFER,7876.30,,
DSLIP,07/05/2016,"REMOTE ONLINE DEPOSIT #          1",24.02,CHECK_DEPOSIT,11892.12,1,
DEBIT,07/01/2016,"FORD CREDIT      FORDCREDIT                 PPD ID: 9587806001",-500.00,ACH_DEBIT,11868.10,,
DEBIT,07/01/2016,"Online Transfer to  CHK ...4717 transaction#: 5482138151 07/01",-937.00,ACCT_XFER,12368.10,,
DEBIT,07/01/2016,"Online Transfer to  MMA ...6356 transaction#: 5482138146 07/01",-231.00,ACCT_XFER,13305.10,,
CREDIT,07/01/2016,"CL SCHOOL DISTRI PAYROLL                    PPD ID: 1366005102",310.56,ACH_CREDIT,13536.10,,
DEBIT,06/30/2016,"Chase QuickPay Electronic Transfer 5492058837 to Danielle",-15.00,QUICKPAY_DEBIT,13225.54,,
CREDIT,06/30/2016,"KRANZE TECHNOLOG QUICKBOOKS                 PPD ID: 1722616653",3097.26,ACH_CREDIT,13240.54,,
DEBIT,06/24/2016,"Online Transfer to  MMA ...6356 transaction#: 5467650157 06/24",-231.00,ACCT_XFER,10143.28,,
DEBIT,06/24/2016,"Online Transfer to  CHK ...4717 transaction#: 5467650156 06/24",-937.00,ACCT_XFER,10374.28,,
DSLIP,06/24/2016,"REMOTE ONLINE DEPOSIT #          1",9.00,CHECK_DEPOSIT,11311.28,1,
DSLIP,06/24/2016,"REMOTE ONLINE DEPOSIT #          1",61.00,CHECK_DEPOSIT,11302.28,1,
DEBIT,06/17/2016,"Online Transfer to  CHK ...4717 transaction#: 5452469826 06/17",-937.00,ACCT_XFER,11241.28,,
DEBIT,06/17/2016,"Online Transfer to  MMA ...6356 transaction#: 5452469824 06/17",-231.00,ACCT_XFER,12178.28,,
CREDIT,06/17/2016,"CL SCHOOL DISTRI PAYROLL                    PPD ID: 1366005102",310.56,ACH_CREDIT,12409.28,,
CREDIT,06/15/2016,"INTEREST PAYMENT",0.10,MISC_CREDIT,12098.72,,
CREDIT,06/15/2016,"KRANZE TECHNOLOG QUICKBOOKS                 PPD ID: 1722616653",3642.62,ACH_CREDIT,12098.62,,
DEBIT,06/10/2016,"Online Transfer to  CHK ...4717 transaction#: 5437959385 06/10",-937.00,ACCT_XFER,8456.00,,
DEBIT,06/10/2016,"Online Transfer to  MMA ...6356 transaction#: 5437959384 06/10",-231.00,ACCT_XFER,9393.00,,
DEBIT,06/08/2016,"Chase QuickPay Electronic Transfer 5447364143 to CLUTTER FREE BY CHRISSY",-181.50,QUICKPAY_DEBIT,9624.00,,
DEBIT,06/06/2016,"Payment to Chase card ending in 2121 06/06",-4011.51,ACCT_XFER,9805.50,,
DEBIT,06/03/2016,"Online Transfer to  CHK ...4717 transaction#: 5420906105 06/03",-937.00,ACCT_XFER,13817.01,,
DEBIT,06/03/2016,"Online Transfer to  MMA ...6356 transaction#: 5420906106 06/03",-231.00,ACCT_XFER,14754.01,,
CREDIT,06/03/2016,"CL SCHOOL DISTRI PAYROLL                    PPD ID: 1366005102",276.91,ACH_CREDIT,14985.01,,
CHECK,06/02/2016,"CHECK 1441  ",-40.00,CHECK_PAID,14708.10,1441,
DEBIT,06/01/2016,"FORD CREDIT      FORDCREDIT                 PPD ID: 9587806001",-500.00,ACH_DEBIT,14748.10,,
CREDIT,05/31/2016,"KRANZE TECHNOLOG QUICKBOOKS                 PPD ID: 1722616653",2839.95,ACH_CREDIT,15248.10,,
DEBIT,05/27/2016,"ATM WITHDRAWAL                       000209  05/271350 E AL",-300.00,ATM,12408.15,,
DEBIT,05/27/2016,"Online Transfer to  CHK ...4717 transaction#: 5406457950 05/27",-937.00,ACCT_XFER,12708.15,,
DEBIT,05/27/2016,"Online Transfer to  MMA ...6356 transaction#: 5406457948 05/27",-231.00,ACCT_XFER,13645.15,,
CHECK,05/25/2016,"CHECK 1437  ",-19.00,CHECK_PAID,13876.15,1437,
DEBIT,05/20/2016,"NON-CHASE ATM WITHDRAW               008826  05/20501 MILWA",-82.25,ATM,13895.15,,
DEBIT,05/20/2016,"Online Transfer to  MMA ...6356 transaction#: 5391905808 05/20",-231.00,ACCT_XFER,13977.40,,
DEBIT,05/20/2016,"Online Transfer to  CHK ...4717 transaction#: 5391905806 05/20",-937.00,ACCT_XFER,14208.40,,
CREDIT,05/20/2016,"CL SCHOOL DISTRI PAYROLL                    PPD ID: 1366005102",766.22,ACH_CREDIT,15145.40,,
CREDIT,05/16/2016,"INTEREST PAYMENT",0.11,MISC_CREDIT,14379.18,,
DEBIT,05/13/2016,"Online Transfer to  MMA ...6356 transaction#: 5377107742 05/13",-231.00,ACCT_XFER,14379.07,,
DEBIT,05/13/2016,"Online Transfer to  CHK ...4717 transaction#: 5377107740 05/13",-937.00,ACCT_XFER,14610.07,,
CREDIT,05/13/2016,"KRANZE TECHNOLOG QUICKBOOKS                 PPD ID: 1722616653",2888.33,ACH_CREDIT,15547.07,,
CHECK,05/10/2016,"CHECK 1440  ",-217.00,CHECK_PAID,12658.74,1440,
DEBIT,05/06/2016,"Online Transfer to  MMA ...6356 transaction#: 5358716248 05/06",-231.00,ACCT_XFER,12875.74,,
DEBIT,05/06/2016,"Online Transfer to  CHK ...4717 transaction#: 5358716253 05/06",-937.00,ACCT_XFER,13106.74,,
CREDIT,05/06/2016,"CL SCHOOL DISTRI PAYROLL                    PPD ID: 1366005102",276.91,ACH_CREDIT,14043.74,,
DSLIP,05/03/2016,"REMOTE ONLINE DEPOSIT #          1",20.00,CHECK_DEPOSIT,13766.83,1,
CHECK,05/02/2016,"CHECK 1439  ",-20.73,CHECK_PAID,13746.83,1439,
DEBIT,05/02/2016,"FORD CREDIT      FORDCREDIT                 PPD ID: 9587806001",-500.00,ACH_DEBIT,13767.56,,
CHECK,05/02/2016,"CHECK 1438  ",-924.00,CHECK_PAID,14267.56,1438,
DEBIT,05/02/2016,"Payment to Chase card ending in 2121 05/02",-3625.71,ACCT_XFER,15191.56,,
DEBIT,04/29/2016,"Online Transfer to  MMA ...6356 transaction#: 5344743333 04/29",-231.00,ACCT_XFER,18817.27,,
DEBIT,04/29/2016,"Online Transfer to  CHK ...4717 transaction#: 5344743340 04/29",-937.00,ACCT_XFER,19048.27,,
CREDIT,04/29/2016,"KRANZE TECHNOLOG QUICKBOOKS                 PPD ID: 1722616653",3121.45,ACH_CREDIT,19985.27,,
CREDIT,04/26/2016,"ATM CHECK DEPOSIT 04/26 1350 E ALGONQUIN RD ALGONQUIN IL",7778.00,ATM_DEPOSIT,16863.82,,
CHECK,04/22/2016,"CHECK 1436  ",-96.07,CHECK_PAID,9085.82,1436,
DEBIT,04/22/2016,"Online Transfer to  MMA ...6356 transaction#: 5329262301 04/22",-231.00,ACCT_XFER,9181.89,,
DEBIT,04/22/2016,"Online Transfer to  CHK ...4717 transaction#: 5329262299 04/22",-937.00,ACCT_XFER,9412.89,,
CREDIT,04/22/2016,"CL SCHOOL DISTRI PAYROLL                    PPD ID: 1366005102",276.91,ACH_CREDIT,10349.89,,
CREDIT,04/15/2016,"INTEREST PAYMENT",0.08,MISC_CREDIT,10072.98,,
DEBIT,04/15/2016,"Online Transfer to  MMA ...6356 transaction#: 5314744792 04/15",-231.00,ACCT_XFER,10072.90,,
DEBIT,04/15/2016,"Online Transfer to  CHK ...4717 transaction#: 5314744791 04/15",-820.00,ACCT_XFER,10303.90,,
CREDIT,04/15/2016,"KRANZE TECHNOLOG QUICKBOOKS                 PPD ID: 1722616653",401.00,ACH_CREDIT,11123.90,,
CREDIT,04/15/2016,"KRANZE TECHNOLOG QUICKBOOKS                 PPD ID: 1722616653",3353.57,ACH_CREDIT,10722.90,,
DSLIP,04/13/2016,"REMOTE ONLINE DEPOSIT #          1",469.00,CHECK_DEPOSIT,7369.33,1,
CHECK,04/12/2016,"CHECK # 1435      SafeCo           INSPayment        ARC ID: 9268505500  ",-153.86,CHECK_PAID,6900.33,1435,
DSLIP,04/11/2016,"REMOTE ONLINE DEPOSIT #          1",100.00,CHECK_DEPOSIT,7054.19,1,
DEBIT,04/08/2016,"Online Transfer to  MMA ...6356 transaction#: 5296986583 04/08",-231.00,ACCT_XFER,6954.19,,
DEBIT,04/08/2016,"Online Transfer to  CHK ...4717 transaction#: 5296986586 04/08",-820.00,ACCT_XFER,7185.19,,
CREDIT,04/08/2016,"CL SCHOOL DISTRI PAYROLL                    PPD ID: 1366005102",276.91,ACH_CREDIT,8005.19,,
DEBIT,04/04/2016,"Payment to Chase card ending in 2121 04/04",-3942.52,ACCT_XFER,7728.28,,
DSLIP,04/04/2016,"REMOTE ONLINE DEPOSIT #          1",50.00,CHECK_DEPOSIT,11670.80,1,
DEBIT,04/01/2016,"Online Transfer to  MMA ...6356 transaction#: 5282699928 04/01",-231.00,ACCT_XFER,11620.80,,
DEBIT,04/01/2016,"Online Transfer to  CHK ...4717 transaction#: 5282699925 04/01",-820.00,ACCT_XFER,11851.80,,
DSLIP,04/01/2016,"REMOTE ONLINE DEPOSIT #          1",50.00,CHECK_DEPOSIT,12671.80,1,
CREDIT,03/31/2016,"KRANZE TECHNOLOG QUICKBOOKS                 PPD ID: 1722616653",3097.27,ACH_CREDIT,12621.80,,
CHECK,03/30/2016,"CHECK 1434  ",-360.16,CHECK_PAID,9524.53,1434,
CHECK,03/29/2016,"CHECK 1430  ",-179.29,CHECK_PAID,9884.69,1430,
CHECK,03/25/2016,"CHECK 1433  ",-81.60,CHECK_PAID,10063.98,1433,
DEBIT,03/25/2016,"Online Transfer to  MMA ...6356 transaction#: 5268759744 03/25",-231.00,ACCT_XFER,10145.58,,
DEBIT,03/25/2016,"Online Transfer to  CHK ...4717 transaction#: 5268759743 03/25",-820.00,ACCT_XFER,10376.58,,
CREDIT,03/25/2016,"CL SCHOOL DISTRI PAYROLL                    PPD ID: 1366005102",766.22,ACH_CREDIT,11196.58,,
